\usepackage{url}


@article{steen2011benefits,
  title={Benefits of co-design in service design projects},
  author={Steen, Marc and Manschot, Menno and De Koning, Nicole},
  journal={International Journal of Design},
  volume={5},
  number={2},
  year={2011},
  publisher={Chinese Institute of Design}
}

@article{davenport2013analytics,
  title={Analytics 3.0},
  author={Davenport, Thomas H},
  journal={Harvard business review},
  volume={91},
  number={12},
  pages={64--72},
  year={2013}
}

@inproceedings{kollwitz2019hack,
  title={What the Hack?--Towards a Taxonomy of Hackathons},
  author={Kollwitz, Christoph and Dinter, Barbara},
  booktitle={International Conference on Business Process Management},
  pages={354--369},
  year={2019},
  organization={Springer}
}

@article{hansen2007innovation,
  title={The innovation value chain},
  author={Hansen, Morten T and Birkinshaw, Julian},
  journal={Harvard business review},
  volume={85},
  number={6},
  pages={121},
  year={2007}
}

@article{bhattacherjee2012social,
  title={Social science research: Principles, methods, and practices},
  author={Bhattacherjee, Anol},
  year={2012},
  publisher={Global text project}
}

@article{briscoe2014digital,
  title={Digital innovation: The hackathon phenomenon},
  author={Briscoe, Gerard},
  year={2014}
}

@article{lara2016hackathons,
  title={Hackathons as community-based learning: a case study},
  author={Lara, Miguel and Lockwood, Kate},
  journal={TechTrends},
  volume={60},
  number={5},
  pages={486--495},
  year={2016},
  publisher={Springer}
}


%----Background---------------%
@inproceedings{page2016use,
  title={THE USE OF THE “HACKATHON” IN DESIGN EDUCATION: AN OPPORTUNISTIC EXPLORATION.},
  author={Page, Finlay and Sweeney, Sylvester and Bruce, Fraser and Baxter, Seaton and others},
  booktitle={DS 83: Proceedings of the 18th International Conference on Engineering and Product Design Education (E\&PDE16), Design Education: Collaboration and Cross-Disciplinarity, Aalborg, Denmark, 8th-9th September 2016},
  pages={246--251},
  year={2016}
}

@article{kitchenham2009systematic,
  title={{Systematic Literature Reviews in Software Engineering--a Systematic Literature Review}},
  author={Kitchenham, Barbara and Brereton, O Pearl and Budgen, David and Turner, Mark and Bailey, John and Linkman, Stephen},
  journal={Information and software technology},
  volume={51},
  number={1},
  pages={7--15},
  year={2009},
  publisher={Elsevier}
}

@article{kitchenham2010systematic,
  title={{Systematic Literature Reviews in Software Engineering--a Tertiary Study}},
  author={Kitchenham, Barbara and Pretorius, Rialette and Budgen, David and Brereton, O Pearl and Turner, Mark and Niazi, Mahmood and Linkman, Stephen},
  journal={Information and Software Technology},
  volume={52},
  number={8},
  pages={792--805},
  year={2010},
  publisher={Elsevier}
}

@article{komssi2015hackathons,
  title={What are Hackathons for?},
  author={Komssi, Marko and Pichlis, Danielle and Raatikainen, Mikko and Kindstr{\"o}m, Klas and J{\"a}rvinen, Janne},
  journal={IEEE Software},
  volume={32},
  number={5},
  pages={60--67},
  year={2015},
  publisher={IEEE}
}

@article{murphy2015innovation,
  title={Innovation management model: a tool for sustained implementation of product innovation into construction projects},
  author={Murphy, Martina E and Perera, Srinath and Heaney, George},
  journal={Construction Management and Economics},
  volume={33},
  number={3},
  pages={209--232},
  year={2015},
  publisher={Taylor \& Francis}
}


@article{asghari2019internet,
  title={Internet of Things applications: A systematic review},
  author={Asghari, Parvaneh and Rahmani, Amir Masoud and Javadi, Hamid Haj Seyyed},
  journal={Computer Networks},
  volume={148},
  pages={241--261},
  year={2019},
  publisher={Elsevier}
}

@article{gil2016internet,
  title={Internet of things: A review of surveys based on context aware intelligent services},
  author={Gil, David and Ferr{\'a}ndez, Antonio and Mora-Mora, Higinio and Peral, Jes{\'u}s},
  journal={Sensors},
  volume={16},
  number={7},
  pages={1069},
  year={2016},
  publisher={Multidisciplinary Digital Publishing Institute}
}

@inproceedings{irshad2016systematic,
  title={A systematic review of information security frameworks in the internet of things (iot)},
  author={Irshad, Mohammad},
  booktitle={2016 IEEE 18th International Conference on High Performance Computing and Communications; IEEE 14th International Conference on Smart City; IEEE 2nd International Conference on Data Science and Systems (HPCC/SmartCity/DSS)},
  pages={1270--1275},
  year={2016},
  organization={IEEE}
}

@article{o2017privacy,
  title={Privacy by design: informed consent and internet of things for smart health},
  author={O’Connor, Yvonne and Rowan, Wendy and Lynch, Laura and Heavin, Ciara},
  journal={Procedia computer science},
  volume={113},
  pages={653--658},
  year={2017},
  publisher={Elsevier}
}

@article{miorandi2012internet,
  title={Internet of things: Vision, applications and research challenges},
  author={Miorandi, Daniele and Sicari, Sabrina and De Pellegrini, Francesco and Chlamtac, Imrich},
  journal={Ad hoc networks},
  volume={10},
  number={7},
  pages={1497--1516},
  year={2012},
  publisher={Elsevier}
}

@article{weber2010internet,
  title={Internet of Things--New security and privacy challenges},
  author={Weber, Rolf H},
  journal={Computer law \& security review},
  volume={26},
  number={1},
  pages={23--30},
  year={2010},
  publisher={Elsevier}
}

@article{mavropoulos2019apparatus,
  title={Apparatus: A framework for security analysis in internet of things systems},
  author={Mavropoulos, Orestis and Mouratidis, Haralambos and Fish, Andrew and Panaousis, Emmanouil},
  journal={Ad Hoc Networks},
  volume={92},
  pages={101743},
  year={2019},
  publisher={Elsevier}
}

@article{al2015internet,
  title={Internet of things: A survey on enabling technologies, protocols, and applications},
  author={Al-Fuqaha, Ala and Guizani, Mohsen and Mohammadi, Mehdi and Aledhari, Mohammed and Ayyash, Moussa},
  journal={IEEE communications surveys \& tutorials},
  volume={17},
  number={4},
  pages={2347--2376},
  year={2015},
  publisher={IEEE}
}

@inproceedings{mozzaquatro2015towards,
  title={Towards a reference ontology for security in the Internet of Things},
  author={Mozzaquatro, Bruno A and Jardim-Goncalves, Ricardo and Agostinho, Carlos},
  booktitle={2015 IEEE International Workshop on Measurements \& Networking (M\&N)},
  pages={1--6},
  year={2015},
  organization={IEEE}
}

@inproceedings{shapaval2018towards,
  title={Towards the Reference Model for Security Risk Management in Internet of Things},
  author={Shapaval, Raman and Matulevi{\v{c}}ius, Raimundas},
  booktitle={International Baltic Conference on Databases and Information Systems},
  pages={58--72},
  year={2018},
  organization={Springer}
}

@article{mendez2017internet,
  title={Internet of things: Survey on security and privacy},
  author={Mendez, Diego M and Papapanagiotou, Ioannis and Yang, Baijian},
  journal={arXiv preprint arXiv:1707.01879},
  year={2017}
}

@inproceedings{bohmer2015open,
  title={Open innovation ecosystem-makerspaces within an agile innovation process},
  author={B{\"o}hmer, Annette Isabel and Beckmann, Andreas and Lindemann, Udo},
  booktitle={ISPIM Innovation Summit},
  year={2015}
}


@article{silic2019using,
  title={Using Design-Science Based Gamification to Improve Organizational Security Training and Compliance},
  author={Silic, Mario and Lowry, Paul Benjamin},
  journal={Journal of Management Information Systems (JMIS)(accepted 01-Aug-2019)},
  year={2019}
}


@article{nolte2018you,
  title={You Hacked and Now What?:-Exploring Outcomes of a Corporate Hackathon},
  author={Nolte, Alexander and Pe-Than, Ei Pa Pa and Filippova, Anna and Bird, Christian and Scallen, Steve and Herbsleb, James D},
  journal={Proceedings of the ACM on Human-Computer Interaction},
  volume={2},
  number={CSCW},
  pages={129},
  year={2018},
  publisher={ACM}
}

@inproceedings{trainer2016hackathon,
  title={How to hackathon: Socio-technical tradeoffs in brief, intensive collocation},
  author={Trainer, Erik H and Kalyanasundaram, Arun and Chaihirunkarn, Chalalai and Herbsleb, James D},
  booktitle={proceedings of the 19th ACM conference on computer-supported cooperative work \& social computing},
  pages={1118--1130},
  year={2016},
  organization={ACM}
}
%----Background---------------%
@inproceedings{frey2016innovation,
  title={The innovation-driven hackathon: one means for accelerating innovation},
  author={Frey, Frank J and Luks, Michael},
  booktitle={Proceedings of the 21st European Conference on Pattern Languages of Programs},
  pages={10},
  year={2016},
  organization={ACM}
}


@article{robert2003case,
  title={Case study research: design and methods},
  author={Robert, Yin and others},
  journal={Sage Publications, Inc ISBN 0},
  volume={761},
  number={92553},
  pages={8},
  year={2003}
}
@book{guest2013collecting,
  title={Collecting qualitative data: A field manual for applied research},
  author={Guest, Greg and Namey, Emily E and Mitchell, Marilyn L},
  year={2013},
  publisher={Sage}
}

@incollection{carr2017big,
  title={Big data, small apps: premises and products of the civic hackathon},
  author={Carr, Sara Jensen and Lassiter, Allison},
  booktitle={Seeing Cities Through Big Data},
  pages={543--559},
  year={2017},
  publisher={Springer}
}

@article{case2004between,
  title={Between deep and surface: procedural approaches to learning in engineering education contexts},
  author={Case*, Jennifer and Marshall, Delia},
  journal={Studies in higher education},
  volume={29},
  number={5},
  pages={605--615},
  year={2004},
  publisher={Taylor \& Francis}
}

@article{ghouila2018hackathons,
  title={Hackathons as a means of accelerating scientific discoveries and knowledge transfer},
  author={Ghouila, Amel and Siwo, Geoffrey Henry and Entfellner, Jean-Baka Domelevo and Panji, Sumir and Button-Simons, Katrina A and Davis, Sage Zenon and Fadlelmola, Faisal M and Ferdig, Michael T and Mulder, Nicola and Bensellak, Taoufik and others},
  journal={Genome research},
  volume={28},
  number={5},
  pages={759--765},
  year={2018},
  publisher={Cold Spring Harbor Lab}
}

@misc{Garage48makeathon,
  title={Garage48 Defence Makeathon},
  author={Garage48},
  year={2018},
  journal={\url{http://garage48.org/events/garage48-defence-makeathon-2018}}
}

@misc{K48DefenseMakeathon,
  title={K48 Defense Makeathon},
  author={Estonian Defense League},
  year={2019},
  journal={\url{http://harju.kaitseliit.ee/et/k48-defence-makeathon}}
}

@article{pe20192nd,
  title={The 2nd Workshop on Hacking and Making at Time-Bounded Events},
  author={Pe-Than, Ei Pa Pa and Nolte, Alexander},
  journal={arXiv preprint arXiv:1901.02710},
  year={2019}
}

@inproceedings{fowler2016informal,
  title={Informal stem learning in game jams, hackathons and game creation events},
  author={Fowler, Allan},
  booktitle={Proceedings of the International Conference on Game Jams, Hackathons, and Game Creation Events},
  pages={38--41},
  year={2016},
  organization={ACM}
}

@inproceedings{horton2018project,
  title={Project-based learning among engineering students during short-form hackathon events},
  author={Horton, Mr Paul Alexander and Jordan, SS and Weiner, Steven and Lande, Micah},
  booktitle={ASEE Annual Conference and Exposition, Conference Proceedings},
  volume={2018},
  year={2018}
}

@inproceedings{nandi2016hackathons,
  title={Hackathons as an informal learning platform},
  author={Nandi, Arnab and Mandernach, Meris},
  booktitle={Proceedings of the 47th ACM Technical Symposium on Computing Science Education},
  pages={346--351},
  year={2016},
  organization={ACM}
}
@article{braun2006using,
  title={Using thematic analysis in psychology},
  author={Braun, Virginia and Clarke, Victoria},
  journal={Qualitative research in psychology},
  volume={3},
  number={2},
  pages={77--101},
  year={2006},
  publisher={Taylor \& Francis}
}

@article{hung2017gartner,
  title={Leading the iot, gartner insights on how to lead in a connected world},
  author={Hung, Mark},
  journal={Gartner Research},
  pages={1--29},
  year={2017}
}
@article{cybersecventures2019,
  title={{Humans On The Internet Will Triple From 2015 To 2022 And Hit 6 Billion}},
  author={Steve Morgan},
  journal={Cybersecurity Ventures. \url{https://cybersecurityventures.com/how-many-internet-users-will-the-world-have-in-2022-and-in-2030/}},
  volume={July},
  year={2019}
}
@book{van2015scrutinizing,
  title={Scrutinizing argumentation in practice},
  author={van Eemeren, Frans H and Garssen, Bart},
  volume={9},
  year={2015},
  publisher={John Benjamins Publishing Company}
}
@inproceedings{filippova2017diversity,
  title={From diversity by numbers to diversity as process: supporting inclusiveness in software development teams with brainstorming},
  author={Filippova, Anna and Trainer, Erik and Herbsleb, James D},
  booktitle={2017 IEEE/ACM 39th International Conference on Software Engineering (ICSE)},
  pages={152--163},
  year={2017},
  organization={IEEE}
}
@article{bhattacherjee2001understanding,
  title={Understanding information systems continuance: an expectation-confirmation model},
  author={Bhattacherjee, Anol},
  journal={MIS quarterly},
  pages={351--370},
  year={2001},
  publisher={JSTOR}
}
%------------Research-design----------------%
@misc{ary2010introduction,
  title={Introduction to research in education: Cengage Learning},
  author={Ary, Donald and Jacobs, LC and Sorensen, Christine and Walker, David},
  year={2010}
}
@book{stringer2008action,
  title={Action research in education},
  author={Stringer, Ernest T},
  year={2008},
  publisher={Pearson Prentice Hall Upper Saddle River, NJ}
}

@book{mcpherson2004developing,
  title={Developing innovation in online learning: An action research framework},
  author={McPherson, Maggie and Nunes, Miguel Baptista},
  year={2004},
  publisher={Routledge}
}
@phdthesis{davis2003innovation,
  title={Innovation through action research in environmental education: From project to praxis},
  author={Davis, Julie M},
  year={2003},
  school={Griffith University}
}
@inproceedings{svahn2015applying,
  title={Applying options thinking to shape generativity in digital innovation: An action research into connected cars},
  author={Svahn, Fredrik and Lindgren, Rikard and Mathiassen, Lars},
  booktitle={2015 48th Hawaii International Conference on System Sciences},
  pages={4141--4150},
  year={2015},
  organization={IEEE}
}
@article{kaplan1998innovation,
  title={Innovation action research: creating new management theory and practice},
  author={Kaplan, Robert S},
  journal={Journal of management accounting research},
  volume={10},
  pages={89},
  year={1998},
  publisher={American Accounting Association}
}
@article{liu2007implementation,
  title={The implementation of Activity-Based Costing in China: An innovation action research approach},
  author={Liu, Lana YJ and Pan, Fei},
  journal={The British Accounting Review},
  volume={39},
  number={3},
  pages={249--264},
  year={2007},
  publisher={Elsevier}
}
@article{garcia2002critical,
  title={A critical look at technological innovation typology and innovativeness terminology: a literature review},
  author={Garcia, Rosanna and Calantone, Roger},
  journal={Journal of Product Innovation Management: An International Publication of the Product Development \& Management Association},
  volume={19},
  number={2},
  pages={110--132},
  year={2002},
  publisher={Wiley Online Library}
}
@incollection{benkenstein1998besonderheiten,
  title={Besonderheiten des Innovationsmanagements in Dienstleistungsunternehmungen},
  author={Benkenstein, Martin},
  booktitle={Handbuch Dienstleistungsmanagement},
  pages={689--703},
  year={1998},
  publisher={Springer}
}
@book{coffield2000necessity,
  title={The necessity of informal learning},
  author={Coffield, Frank},
  volume={4},
  year={2000},
  publisher={Policy press}
}
@article{marsick2001informal,
  title={Informal and incidental learning},
  author={Marsick, Victoria J and Watkins, Karen E},
  journal={New directions for adult and continuing education},
  volume={2001},
  number={89},
  pages={25--34},
  year={2001},
  publisher={Jossey-Bass, A Wiley Company New York}
}
@article{entwistle1991approaches,
  title={Approaches to learning and perceptions of the learning environment: Introduction to the special issue},
  author={Entwistle, Noel J},
  journal={Higher education},
  pages={201--204},
  year={1991},
  publisher={JSTOR}
}

@article{trigwell1991improving,
  title={Improving the quality of student learning: the influence of learning context and student approaches to learning on learning outcomes},
  author={Trigwell, Keith and Prosser, Michael},
  journal={Higher education},
  volume={22},
  number={3},
  pages={251--266},
  year={1991},
  publisher={Springer}
}

@article{marton1997approaches,
  title={Approaches to learning},
  author={Marton, Ference},
  journal={The experience of learning},
  pages={39--58},
  year={1997},
  publisher={Scottish Academic Press}
}
@inproceedings{grimes2008robotics,
  title={Robotics competition: Providing structure, flexibility, and an extensive learning experience},
  author={Grimes, Joseph and Seng, John},
  booktitle={2008 38th Annual Frontiers in Education Conference},
  pages={F4C--9},
  year={2008},
  organization={IEEE}
}
@article{marton19dall,
  title={Dall" Alba, G., \& Beaty, E.(1993). Conceptions of learning},
  author={Marton, F},
  journal={International Journal of Educational Research},
  volume={19},
  number={3},
  pages={277--30}
}
@article{boulton2000aboriginal,
  title={Aboriginal and Torres Strait Islander university students' conceptions of formal learning and experiences of informal learning},
  author={Boulton-Lewis, Gillian M and Marton, Ference and Lewis, David C and Wilss, Lynn A},
  journal={Higher Education},
  volume={39},
  number={4},
  pages={469--488},
  year={2000},
  publisher={Springer}
}

%------------Research-design----------------%

%----Papers-Searched---------------%
@article{boopathi2015learning,
  title={Learning cyber security through gamification},
  author={Boopathi, K and Sreejith, S and Bithin, A},
  journal={Indian Journal of Science and Technology},
  volume={8},
  number={7},
  pages={642--649},
  year={2015},
  publisher={Citeseer}
}
@article{akcay2009problem,
  title={Problem-based learning in science education},
  author={Akcay, Behiye},
  journal={Journal of Turkish Science Education},
  volume={6},
  number={1},
  pages={28--38},
  year={2009}
}
@article{stoyanov2007effect,
  title={Effect of problem solving support and cognitive styles on idea generation: Implications for technology-enhanced learning},
  author={Stoyanov, Slavi and Kirschner, Paul},
  journal={Journal of Research on Technology in Education},
  volume={40},
  number={1},
  pages={49--63},
  year={2007},
  publisher={Taylor \& Francis}
}

@inproceedings{kharchenko2016university,
  title={University-Industry Cooperation in Cyber Security Domain: Multi-Model Approach Tools and Cases},
  author={Kharchenko, Vyacheslav and Sklyar, Vladimir and Brezhnev, Eugene and Boyarchuk, Artem and Starov, Oleksii and Phillips, Chris},
  booktitle={Proceedings of the University-Industry Interaction Conference: Challenges and Solutions for Fostering Entrepreneurial Universities and Collaborative Innovation},
  pages={265--283},
  year={2016}
}
@inproceedings{flood2012black,
  title={Black hat training of white hat resources: The future of security is gaming},
  author={Flood, Jason and Denihan, Mark and Keane, Anthony and Mtenzi, Fredrick},
  booktitle={2012 International Conference for Internet Technology and Secured Transactions},
  pages={488--491},
  year={2012},
  organization={IEEE}
}
@article{dainotti2018bgp,
  title={The BGP hackathon 2016 report},
  author={Dainotti, Alberto and Katz-Bassett, Ethan and Dimitropolous, Xenofontas},
  journal={ACM SIGCOMM Computer Communication Review},
  volume={46},
  number={3},
  pages={12},
  year={2018},
  publisher={ACM}
}
@inproceedings{foley2018science,
  title={Science Hackathons for Cyberphysical System Security Research: Putting CPS testbed platforms to good use},
  author={Foley, Simon N and Autrel, Fabien and Bourget, Edwin and Cledel, Thomas and Grunenwald, Stephane and Rubio Hernan, Jose and Kabil, Alexandre and Larsen, Raphael and Rooney, Vivien M and Vanhulst, Kirsten},
  booktitle={Proceedings of the 2018 Workshop on Cyber-Physical Systems Security and PrivaCy},
  pages={102--107},
  year={2018},
  organization={ACM}
}
@inproceedings{melon2018eve,
  title={EVE and ADAM: Situation Awareness Tools for NATO CCDCOE Cyber Exercises},
  author={Mel{\'o}n, Francisco Jes{\'u}s Rubio and V{\"a}is{\"a}nen, Teemu Uolevi and Pihelgas, Mauno},
  booktitle={Systems Concepts and Integration (SCI) Panel SCI-300 Specialists’ Meeting on ‘Cyber Physical Security of Defense Systems’},
  pages={STO--MP},
  year={2018}
}
@article{key2017automotive,
  title={Automotive Software Security Vulnerability Analysis with a Hackathon: A Design Science Study},
  author={Key, Ashley and Akhigbemen, Joshua},
  year={2017}
}
@article{dupuisevaluating,
  title={Evaluating Prevalence, Perceptions, and Effectiveness of Cyber Security and Privacy Education, Training, and Awareness Programs},
  author={Dupuis, Marc J and Gordon, Collin}
}

@inproceedings{starov2015hacking,
  title={Hacking the innovations with university-industry hackathons},
  author={Starov, Oleksii and Kharchenko, Vyacheslav and Sklyar, Vladimir and Phillips, Chris},
  booktitle={Academic Proceedings 2015 University-Industry Interaction Conference UIIC'2015},
  pages={47--61},
  year={2015}
}
@article{staples2016navy,
  title={Navy Innovation, Silicon Valley Style},
  author={Staples, Zachary},
  year={2016},
  publisher={Naval Postgraduate School, Monterey, California}
}
@article{sherman2019cats,
  title={The CATS Hackathon: Creating and Refining Test Items for Cybersecurity Concept Inventories},
  author={Sherman, Alan T and Oliva, Linda and Golaszewski, Enis and Phatak, Dhananjay and Scheponik, Travis and Herman, Geoffrey L and Choi, Dong San and Offenberger, Spencer E and Peterson, Peter and Dykstra, Josiah and others},
  journal={arXiv preprint arXiv:1901.09286},
  year={2019}
}
@inproceedings{vykopal2017lessons,
  title={Lessons learned from complex hands-on defence exercises in a cyber range},
  author={Vykopal, Jan and Vizv{\'a}ry, Martin and Oslejsek, Radek and Celeda, Pavel and Tovarnak, Daniel},
  booktitle={2017 IEEE Frontiers in Education Conference (FIE)},
  pages={1--8},
  year={2017},
  organization={IEEE}
}
@inproceedings{lin2019using,
  title={Using Datasets from Industrial Control Systems for Cyber Security Research and Education},
  author={Lin, Qin and Verwer, Sicco and Kooij, Robert and Mathur, Aditya},
  booktitle={International Conference on Critical Information Infrastructures Security},
  pages={122--133},
  year={2019},
  organization={Springer}
}
@article{dayal2016research,
  title={Research trends in security and DDoS in SDN},
  author={Dayal, Neelam and Maity, Prasenjit and Srivastava, Shashank and Khondoker, Rahamatullah},
  journal={Security and Communication Networks},
  volume={9},
  number={18},
  pages={6386--6411},
  year={2016},
  publisher={Wiley Online Library}
}
@article{ricci2016cybersecurity,
  title={Cybersecurity Games: Building Tomorrow's Workforce},
  author={Ricci, Monica and Gulick, Jessica},
  journal={JL \& Cyber Warfare},
  volume={5},
  pages={183},
  year={2016},
  publisher={HeinOnline}
}

@inproceedings{weiss2015teaching,
  title={Teaching cybersecurity analysis skills in the cloud},
  author={Weiss, Richard S and Boesen, Stefan and Sullivan, James F and Locasto, Michael E and Mache, Jens and Nilsen, Erik},
  booktitle={Proceedings of the 46th ACM Technical Symposium on Computer Science Education},
  pages={332--337},
  year={2015},
  organization={ACM}
}
@article{abdullah2015stimulating,
  title={Stimulating and maintaining students' interest in Computer Science using the hackathon model},
  author={Abdullah, Hanifa and Mtsweni, Jabu},
  journal={The Independent Journal of Teaching and Learning},
  volume={10},
  number={1},
  pages={85--97},
  year={2015},
  publisher={Sabinet}
}
@inproceedings{davis2014fun,
  title={The Fun and Future of $\{$CTF$\}$},
  author={Davis, Andy and Leek, Tim and Zhivich, Michael and Gwinnup, Kyle and Leonard, William},
  booktitle={2014 $\{$USENIX$\}$ Summit on Gaming, Games, and Gamification in Security Education (3GSE 14)},
  year={2014}
}
@inproceedings{lorenz2019cybersecurity,
  title={Cybersecurity Within the Curricula of Informatics: The Estonian Perspective},
  author={Lorenz, Birgy and Kikkas, Kaido and S{\~o}mer, Tiia and Laugasson, Edmund},
  booktitle={International Conference on Informatics in Schools: Situation, Evolution, and Perspectives},
  pages={159--171},
  year={2019},
  organization={Springer}
}
@inproceedings{balcerzak2017press,
  title={Press F1 for help: participatory design for dealing with on-line and real life security of older adults},
  author={Balcerzak, Bart{\l}omiej and Kope{\'c}, Wies{\l}aw and Nielek, Rados{\l}aw and Kruk, Sebastian and Warpechowski, Kamil and Wasik, Mateusz and W{\k{e}}grzyn, Marek},
  booktitle={2017 12th International Scientific and Technical Conference on Computer Sciences and Information Technologies (CSIT)},
  volume={1},
  pages={240--243},
  year={2017},
  organization={IEEE}
}
@inproceedings{katsantonis2017conceptual,
  title={Conceptual analysis of cyber security education based on live competitions},
  author={Katsantonis, Menelaos and Fouliras, Panayotis and Mavridis, Ioannis},
  booktitle={2017 IEEE Global Engineering Education Conference (EDUCON)},
  pages={771--779},
  year={2017},
  organization={IEEE}
}
@inproceedings{coull2017gamification,
  title={The gamification of cybersecurity training},
  author={Coull, Natalie and Donald, Iain and Ferguson, Ian and Keane, Eamonn and Mitchell, Thomas and Smith, Oliver V and Stevenson, Erin and Tomkins, Paddy},
  booktitle={International Conference on Technologies for E-Learning and Digital Entertainment},
  pages={108--111},
  year={2017},
  organization={Springer}
}


%----Papers-Selected---------------%


@inproceedings{mahmoud2015internet,
  title={Internet of things (IoT) security: Current status, challenges and prospective measures},
  author={Mahmoud, Rwan and Yousuf, Tasneem and Aloul, Fadi and Zualkernan, Imran},
  booktitle={2015 10th International Conference for Internet Technology and Secured Transactions (ICITST)},
  pages={336--341},
  year={2015},
  organization={IEEE}
}
@article{tuptuk2018security,
  title={Security of smart manufacturing systems},
  author={Tuptuk, Nilufer and Hailes, Stephen},
  journal={Journal of manufacturing systems},
  volume={47},
  pages={93--106},
  year={2018},
  publisher={Elsevier}
}
@inproceedings{yu2010exploration,
  title={The exploration in the education of professionals in applied internet of things engineering},
  author={Yu, Yan and Wang, Jianhua and Zhou, Guohui},
  booktitle={2010 4th International Conference on Distance Learning and Education},
  pages={74--77},
  year={2010},
  organization={IEEE}
}

@inproceedings{gama2018hackathons,
  title={Hackathons in the formal learning process},
  author={Gama, Kiev and Alencar Gon{\c{c}}alves, Breno and Alessio, Pedro},
  booktitle={Proceedings of the 23rd Annual ACM Conference on Innovation and Technology in Computer Science Education},
  pages={248--253},
  year={2018}
}
@inproceedings{juell2014public,
  title={Is the public motivated to engage in open data innovation?},
  author={Juell-Skielse, Gustaf and Hjalmarsson, Anders and Johannesson, Paul and Rudmark, Daniel},
  booktitle={International Conference on Electronic Government},
  pages={277--288},
  year={2014},
  organization={Springer}
}
@inproceedings{bullinger2010innovation,
  title={Innovation contests-where are we?},
  author={Bullinger, Angelika C and M{\"o}slein, Kathrin M},
  booktitle={AMCIS},
  pages={28},
  year={2010}
}
@inproceedings{soltani2014hackathon,
  title={Hackathon: A method for digital innovative success: A comparative descriptive study},
  author={Soltani, Porya Mohajer and Pessi, Kalevi and Ahlin, Karin and Wernered, Ida},
  booktitle={Proceedings of the 8th European Conference on IS Management and Evaluation},
  pages={367--373},
  year={2014}}
@inproceedings{hjalmarsson2012designing,
  title={Designing digital innovation contests},
  author={Hjalmarsson, Anders and Rudmark, Daniel},
  booktitle={International Conference on Design Science Research in Information Systems},
  pages={9--27},
  year={2012},
  organization={Springer}
}
@article{hjalmarsson2014beyond,
  title={Beyond innovation contests: A framework of barriers to open innovation of digital services},
  author={Hjalmarsson, Anders and Johannesson, Paul and J{\"u}ll-Skielse, Gustaf and Rudmark, Daniel},
  year={2014}
}
@article{pe2018designing,
  title={Designing corporate Hackathons with a purpose: The future of software development},
  author={Pe-Than, Ei Pa Pa and Nolte, Alexander and Filippova, Anna and Bird, Christian and Scallen, Steve and Herbsleb, James D},
  journal={IEEE Software},
  volume={36},
  number={1},
  pages={15--22},
  year={2018},
  publisher={IEEE}
}
@inproceedings{sakhumuzi2017student,
  title={Student perception of the contribution of Hackathon and collaborative learning approach on computer programming pass rate},
  author={Sakhumuzi, Mhlongo Donald and Emmanuel, Oyetade Kayode},
  booktitle={2017 Conference on Information Communication Technology and Society (ICTAS)},
  pages={1--5},
  year={2017},
  organization={IEEE}
}
@inproceedings{uys2019hackathons,
  title={Hackathons as a Formal Teaching Approach in Information Systems Capstone Courses},
  author={Uys, Walter F},
  booktitle={Annual Conference of the Southern African Computer Lecturers' Association},
  pages={79--95},
  year={2019},
  organization={Springer}
}
@inproceedings{kumalakov2018hackathon,
  title={Hackathon as a Project Based Teaching Tool: Employing Programming Challenge in the Class},
  author={Kumalakov, Bolatzhan and Kim, Alla and Mukhtarova, Salima and Shukurova, Assel and Khon, Natalya},
  booktitle={2018 IEEE 12th International Conference on Application of Information and Communication Technologies (AICT)},
  pages={1--5},
  year={2018},
  organization={IEEE}
}
@book{krathwohl2009taxonomy,
  title={A taxonomy for learning, teaching, and assessing: A revision of Bloom's taxonomy of educational objectives},
  author={Krathwohl, David R and Anderson, Lorin W},
  year={2009},
  publisher={Longman}
}
@article{bloom1956taxonomy,
  title={Taxonomy of educational objectives. Vol. 1: Cognitive domain},
  author={Bloom, Benjamin S and others},
  journal={New York: McKay},
  pages={20--24},
  year={1956}
}
@article{starr2008bloom,
  title={Bloom's taxonomy revisited: specifying assessable learning objectives in computer science},
  author={Starr, Christopher W and Manaris, Bill and Stalvey, RoxAnn H},
  journal={ACM SIGCSE Bulletin},
  volume={40},
  number={1},
  pages={261--265},
  year={2008},
  publisher={ACM New York, NY, USA}
}
@inproceedings{thompson2008bloom,
  title={Bloom's taxonomy for CS assessment},
  author={Thompson, Errol and Luxton-Reilly, Andrew and Whalley, Jacqueline L and Hu, Minjie and Robbins, Phil},
  booktitle={Proceedings of the tenth conference on Australasian computing education-Volume 78},
  pages={155--161},
  year={2008}
}
@article{kauflin2017fast,
  title={The fast-growing job with a huge skills gap: Cyber security},
  author={Kauflin, Jeff},
  journal={Forbes. Published March},
  volume={16},
  year={2017}
}

%------------ additions AN ----------------%
@inproceedings{nolte2019touched,
  title={Touched by the Hackathon: a study on the connection between Hackathon participants and start-up founders},
  author={Nolte, Alexander},
  booktitle={Proceedings of the 2nd ACM SIGSOFT International Workshop on Software-Intensive Business: Start-ups, Platforms, and Ecosystems},
  pages={31--36},
  year={2019}
}
@inproceedings{cobham2017hackathon1,
  title={From hackathon to student enterprise: an evaluation of creating successful and sustainable student entrepreneurial activity initiated by a university hackathon},
  author={Cobham, David and Hargrave, Bruce and Jacques, Kevin and Gowan, Carl and Laurel, Jack and Ringham, Scott and others},
  booktitle={9th annual International Conference on Education and New Learning Technologies},
  year={2017},
  publisher={EDULEARN}
}
@article{kienzler2017learning,
  title={Learning through inquiry: A global health hackathon},
  author={Kienzler, Hanna and Fontanesi, Carolyn},
  journal={Teaching in Higher Education},
  volume={22},
  number={2},
  pages={129--142},
  year={2017},
  publisher={Taylor \& Francis}
}
@inproceedings{porras2019code,
  title={Code camps and hackathons in education-literature review and lessons learned},
  author={Porras, Jari and Knutas, Antti and Ikonen, Jouni and Happonen, Ari and Khakurel, Jayden and Herala, Antti},
  booktitle={Proceedings of the 52nd Hawaii International Conference on System Sciences},
  year={2019}
}
@article{henderson2015getting,
  title={Getting the most out of hackathons for social good},
  author={Henderson, Scott},
  journal={Volunteer Engagement 2.0: Ideas and insights changing the world},
  pages={182--194},
  year={2015},
  publisher={Wiley Online Library}
}
@article{lodato2016issue,
  title={Issue-oriented hackathons as material participation},
  author={Lodato, Thomas James and DiSalvo, Carl},
  journal={New Media \& Society},
  volume={18},
  number={4},
  pages={539--557},
  year={2016},
  publisher={Sage Publications Sage UK: London, England}
}
@inproceedings{medina2019does,
  title={Does it matter why we hack?--Exploring the impact of goal alignment in hackathons},
  author={Medina Angarita, Maria Angelica and Nolte, Alexander},
  booktitle={Proceedings of 17th European Conference on Computer-Supported Cooperative Work},
  year={2019},
  organization={European Society for Socially Embedded Technologies (EUSSET)}
}
@article{byrne2017iot,
  title={An IoT and Wearable Technology Hackathon for Promoting Careers in Computer Science},
  author={Byrne, Jake Rowan and O'Sullivan, Katriona and Sullivan, Kevin},
  journal={IEEE Transactions on Education},
  volume={60},
  number={1},
  pages={50--58},
  year={2017},
  publisher={IEEE}
}
@article{nolte2020support,
  title={How to Support Newcomers in Scientific Hackathons - An Action Research Study on Expert Mentoring},
  author={Nolte, Alexander and Hayden, Linda Bailey and Herbsleb, James D},
  journal={Proceedings of the ACM on Human-Computer Interaction},
  volume={4},
  number={CSCW1},
  pages={Article 25 (May 2020), 23 pages},
  year={2020},
  publisher={ACM}
}
@article{lewin1946action,
  title={Action research and minority problems},
  author={Lewin, Kurt},
  journal={Journal of social issues},
  volume={2},
  number={4},
  pages={34--46},
  year={1946},
  publisher={Wiley Online Library}
}